@string{ICML = "International Conference on Machine Learning"} 

@InProceedings{ep-lda,
  author = 	 {Thomas Minka and John Lafferty},
  title = 	 {Expectation propagation for the generative aspect model},
  booktitle = {UAI},
  year = 	 2002,
  note = 	 {https://research.microsoft.com/~minka/papers/aspect/minka-aspect.pdf}}


@InProceedings{lda_gibbs,
  author = 	 {Thomas Griffiths and Mark Steyvers},
  title = 	 {Finding scientific topics},
  booktitle = {PNAS},
  pages = 	 {5228--5235},
  year = 	 2004,
  volume = 	 101}


@Article{lda_vem,
  author = 	 {David Blei and Andrew Ng and Michael Jordan and John Lafferty},
  title = 	 {Latent Dirichlet Allocation},
  journal = 	 {JMLR},
  year = 	 20003,
  volume = 	 3,
  pages = 	 {993--1022}}


@InProceedings{rart,
  author = 	 {Andrew McCallum, Andres Corrada-Emmanuel and Xuerui Wang},
  title = 	 {Topic and Role Discovery in Social Networks},
  booktitle = {IJCAI},
  year = 	 2005}


@InProceedings{fastlda,
  author = 	 {Ian Porteous and David Newman and Alexander Ihler and Arthur Asuncion and Padhraic Smyth and Max Welling},
  title = 	 {Fast collapsed gibbs sampling for latent dirichlet allocation},
  booktitle = {KDD},
  year = 	 2008}

@InProceedings{dist-lda-gibbs,
  author = 	 {David Newman and Arthur Asuncion and Padhraic Smyth and MaxWelling},
  title = 	 {Distributed Inference for Latent Dirichlet Allocation},
  booktitle = {NIPS},
  year = 	 2007}

@InProceedings{tot,
  author = 	 {Xuerui Wang and Andrew McCallum},
  title = 	 {Topics over Time: A Non-Markov Continuous-Time Model of Topical Trends},
  booktitle = {KDD},
  year = 	 2006}

@InProceedings{async-dist-lda-gibbs,
  author = 	 {Arthur Asuncion and Padhraic Smyth and MaxWelling},
  title = 	 {Asynchronous Distributed Learning of Topic Models},
  booktitle = {NIPS},
  year = 	 2008}

@TechReport{heinrich,
  author = 	 {Gregor Heinrich},
  title = 	 {Parameter estimation for text analysis},
  institution =  {vsonix GmbH and University of Leipzig, Germany},
  year = 	 2009,
  url = {\url{http://www.arbylon.net/publications/text-est2.pdf}}}

@TechReport{topic_modeling_toolbox,
  author = 	 {Mark Steyvers and Tom Griffiths},
  title = 	 {Matlab Topic Modeling Toolbox},
  institution =  {University of California, Berkeley},
  year = 	 2007}

@InProceedings{slda,
  author = 	 {David Blei and Jon McAuliffe},
  title = 	 {Supervised topic models},
  booktitle = {NIPS},
  year = 	 2007}

@InProceedings{hlda,
  author = 	 {David M. Blei and Thomas L. Griffiths and Michael I. Jordan and Joshua B. Tenenbaum},
  title = 	 {Hierarchical Topic Models and the Nested Chinese Restaurant Process},
  booktitle = {NIPS},
  year = 	 2003}

@InProceedings{pam,
  author = 	 {Wei Li and Andrew McCallum},
  title = 	 {Pachinko allocation: DAG-structured mixture models of topic correlations},
  booktitle = {ICML},
  year = 	 2006}


@InProceedings{mapreduce,
  author = 	 {Jeffrey Dean and Sanjay Ghemawat},
  title = 	 {MapReduce: Simplified Data Processing on Large Clusters},
  booktitle = {OSDI},
  year = 	 2004}

@Book{prml,
  author = 	 {Christopher Bishop},
  title = 	 {Pattern Recognition and Machine Learning},
  publisher = 	 {Springer},
  year = 	 2007}

@TechReport{lda-gibbs-techreport,
  author = 	 {Tom Griffith},
  title = 	 {Gibbs Sampling in the Generative Model of Latent Dirichlet Allocation},
  institution =  {Stanford University},
  year =         2004}

